@online{sharif:thesisguide,
  author = {Asadi, Maryam and Seyfi, Khayron-nesa},
  title = {A guide to M.Sc. and Ph.D. thesis writing},
  publisher = {Central Library, Sharif University of Technology},
  year = {2014},
  url = {http://sharif.edu/~library/Guide_Theses.pdf},
  urldate = {2014-05-11}
}
@online {sharif:cesite,
  author = {Saman Barghi},
  title = {{SharifCE - Home}},
  publisher = {Official Website of Computer Engineering Department, Sharif University of Technology},
  year = {2013},
  url = {http://ce.sharif.edu/},
  urldate = {2014-05-11}
}
@online {persiancomputing:keyboard,
  author = {},
  title = {Iranian Standard Persian Keyboard},
  publisher = {Persian Computing Community},
  year = {2014},
  url = {http://persian-computing.org/download/Iranian_Standard_Persian_Keyboard_(ISIRI_9147)_(Version_2.0).zip},
  urldate = {2014-06-02}
}
@article{kupiec1999trainable,
  title={A trainable document summarizer},
  author={Kupiec, Julian and Pedersen, Jan and Chen, Francine},
  journal={Advances in Automatic Summarization},
  pages={55--60},
  year={1999}
}
@article{paice1990constructing,
  title={Constructing literature abstracts by computer: techniques and prospects},
  author={Paice, Chris D},
  journal={Information Processing \& Management},
  volume={26},
  number={1},
  pages={171--186},
  year={1990},
  publisher={Elsevier}
}
@incollection{saggion2013automatic,
  title={Automatic text summarization: Past, present and future},
  author={Saggion, Horacio and Poibeau, Thierry},
  booktitle={Multi-source, multilingual information extraction and summarization},
  pages={3--21},
  year={2013},
  publisher={Springer}
}
@inproceedings{sutskever2014sequence,
  title={Sequence to sequence learning with neural networks},
  author={Sutskever, Ilya and Vinyals, Oriol and Le, Quoc V},
  booktitle={Advances in neural information processing systems},
  pages={3104--3112},
  year={2014}
}
@inproceedings{chopra2016abstractive,
  title={Abstractive sentence summarization with attentive recurrent neural networks},
  author={Chopra, Sumit and Auli, Michael and Rush, Alexander M},
  booktitle={Proceedings of the 2016 Conference of the North American Chapter of the Association for Computational Linguistics: Human Language Technologies},
  pages={93--98},
  year={2016}
}
@article{nallapati2016abstractive,
  title={Abstractive text summarization using sequence-to-sequence rnns and beyond},
  author={Nallapati, Ramesh and Zhou, Bowen and Gulcehre, Caglar and Xiang, Bing and others},
  journal={arXiv preprint arXiv:1602.06023},
  year={2016}
}
@article{rush2015neural,
  title={A neural attention model for abstractive sentence summarization},
  author={Rush, Alexander M and Chopra, Sumit and Weston, Jason},
  journal={arXiv preprint arXiv:1509.00685},
  year={2015}
}
@article{zeng2016efficient,
  title={Efficient summarization with read-again and copy mechanism},
  author={Zeng, Wenyuan and Luo, Wenjie and Fidler, Sanja and Urtasun, Raquel},
  journal={arXiv preprint arXiv:1611.03382},
  year={2016}
}
@inproceedings{hermann2015teaching,
  title={Teaching machines to read and comprehend},
  author={Hermann, Karl Moritz and Kocisky, Tomas and Grefenstette, Edward and Espeholt, Lasse and Kay, Will and Suleyman, Mustafa and Blunsom, Phil},
  booktitle={Advances in neural information processing systems},
  pages={1693--1701},
  year={2015}
}
@inproceedings{vinyals2015pointer,
  title={Pointer networks},
  author={Vinyals, Oriol and Fortunato, Meire and Jaitly, Navdeep},
  booktitle={Advances in Neural Information Processing Systems},
  pages={2692--2700},
  year={2015}
}
@article{gu2016incorporating,
  title={Incorporating copying mechanism in sequence-to-sequence learning},
  author={Gu, Jiatao and Lu, Zhengdong and Li, Hang and Li, Victor OK},
  journal={arXiv preprint arXiv:1603.06393},
  year={2016}
}
@article{miao2016language,
  title={Language as a latent variable: Discrete generative models for sentence compression},
  author={Miao, Yishu and Blunsom, Phil},
  journal={arXiv preprint arXiv:1609.07317},
  year={2016}
}
@article{tu2016modeling,
  title={Modeling coverage for neural machine translation},
  author={Tu, Zhaopeng and Lu, Zhengdong and Liu, Yang and Liu, Xiaohua and Li, Hang},
  journal={arXiv preprint arXiv:1601.04811},
  year={2016}
}
@article{bahdanau2014neural,
  title={Neural machine translation by jointly learning to align and translate},
  author={Bahdanau, Dzmitry and Cho, Kyunghyun and Bengio, Yoshua},
  journal={arXiv preprint arXiv:1409.0473},
  year={2014}
}
@article{sankaran2016temporal,
  title={Temporal attention model for neural machine translation},
  author={Sankaran, Baskaran and Mi, Haitao and Al-Onaizan, Yaser and Ittycheriah, Abe},
  journal={arXiv preprint arXiv:1608.02927},
  year={2016}
}
@article{suzuki2016rnn,
  title={RNN-based encoder-decoder approach with word frequency estimation},
  author={Suzuki, Jun and Nagata, Masaaki},
  journal={arXiv preprint arXiv:1701.00138},
  year={2016}
}
@inproceedings{nallapati2017summarunner,
  title={Summarunner: A recurrent neural network based sequence model for extractive summarization of documents},
  author={Nallapati, Ramesh and Zhai, Feifei and Zhou, Bowen},
  booktitle={Thirty-First AAAI Conference on Artificial Intelligence},
  year={2017}
}
@article{duchi2011adaptive,
  title={Adaptive subgradient methods for online learning and stochastic optimization},
  author={Duchi, John and Hazan, Elad and Singer, Yoram},
  journal={Journal of Machine Learning Research},
  volume={12},
  number={Jul},
  pages={2121--2159},
  year={2011}
}
@inproceedings{lin2004rouge,
  title={Rouge: A package for automatic evaluation of summaries},
  author={Lin, Chin-Yew},
  booktitle={Text summarization branches out},
  pages={74--81},
  year={2004}
}
@inproceedings{denkowski2014meteor,
  title={Meteor universal: Language specific translation evaluation for any target language},
  author={Denkowski, Michael and Lavie, Alon},
  booktitle={Proceedings of the ninth workshop on statistical machine translation},
  pages={376--380},
  year={2014}
}
@inproceedings{hoffmann2011knowledge,
  title={Knowledge-based weak supervision for information extraction of overlapping relations},
  author={Hoffmann, Raphael and Zhang, Congle and Ling, Xiao and Zettlemoyer, Luke and Weld, Daniel S},
  booktitle={Proceedings of the 49th Annual Meeting of the Association for Computational Linguistics: Human Language Technologies-Volume 1},
  pages={541--550},
  year={2011},
  organization={Association for Computational Linguistics}
}
@article{xu2016question,
  title={Question answering on freebase via relation extraction and textual evidence},
  author={Xu, Kun and Reddy, Siva and Feng, Yansong and Huang, Songfang and Zhao, Dongyan},
  journal={arXiv preprint arXiv:1603.00957},
  year={2016}
}
@inproceedings{vlachos2014fact,
  title={Fact checking: Task definition and dataset construction},
  author={Vlachos, Andreas and Riedel, Sebastian},
  booktitle={Proceedings of the ACL 2014 Workshop on Language Technologies and Computational Social Science},
  pages={18--22},
  year={2014}
}
@inproceedings{riedel2010modeling,
  title={Modeling relations and their mentions without labeled text},
  author={Riedel, Sebastian and Yao, Limin and McCallum, Andrew},
  booktitle={Joint European Conference on Machine Learning and Knowledge Discovery in Databases},
  pages={148--163},
  year={2010},
  organization={Springer}
}
@inproceedings{zeng2015distant,
  title={Distant supervision for relation extraction via piecewise convolutional neural networks},
  author={Zeng, Daojian and Liu, Kang and Chen, Yubo and Zhao, Jun},
  booktitle={Proceedings of the 2015 Conference on Empirical Methods in Natural Language Processing},
  pages={1753--1762},
  year={2015}
}
@inproceedings{lin2016neural,
  title={Neural relation extraction with selective attention over instances},
  author={Lin, Yankai and Shen, Shiqi and Liu, Zhiyuan and Luan, Huanbo and Sun, Maosong},
  booktitle={Proceedings of the 54th Annual Meeting of the Association for Computational Linguistics (Volume 1: Long Papers)},
  pages={2124--2133},
  year={2016}
}
@article{vrandevcic2014wikidata,
  title={Wikidata: a free collaborative knowledge base},
  author={Vrande{\v{c}}i{\'c}, Denny and Kr{\"o}tzsch, Markus},
  year={2014}
}
@article{farber2015comparative,
  title={A comparative survey of dbpedia, freebase, opencyc, wikidata, and yago},
  author={F{\"a}rber, Michael and Ell, Basil and Menne, Carsten and Rettinger, Achim},
  journal={Semantic Web Journal},
  volume={1},
  number={1},
  pages={1--5},
  year={2015}
}
@inproceedings{manning2014stanford,
  title={The Stanford CoreNLP natural language processing toolkit},
  author={Manning, Christopher and Surdeanu, Mihai and Bauer, John and Finkel, Jenny and Bethard, Steven and McClosky, David},
  booktitle={Proceedings of 52nd annual meeting of the association for computational linguistics: system demonstrations},
  pages={55--60},
  year={2014}
}
@article{strotgen2013multilingual,
  title={Multilingual and cross-domain temporal tagging},
  author={Str{\"o}tgen, Jannik and Gertz, Michael},
  journal={Language Resources and Evaluation},
  volume={47},
  number={2},
  pages={269--298},
  year={2013},
  publisher={Springer}
}
@inproceedings{pennington2014glove,
  title={Glove: Global vectors for word representation},
  author={Pennington, Jeffrey and Socher, Richard and Manning, Christopher},
  booktitle={Proceedings of the 2014 conference on empirical methods in natural language processing (EMNLP)},
  pages={1532--1543},
  year={2014}
}
@article{hochreiter1997long,
  title={Long short-term memory},
  author={Hochreiter, Sepp and Schmidhuber, J{\"u}rgen},
  journal={Neural computation},
  volume={9},
  number={8},
  pages={1735--1780},
  year={1997},
  publisher={MIT Press}
}
@article{miwa2016end,
  title={End-to-end relation extraction using lstms on sequences and tree structures},
  author={Miwa, Makoto and Bansal, Mohit},
  journal={arXiv preprint arXiv:1601.00770},
  year={2016}
}
@article{kingma2014adam,
  title={Adam: A method for stochastic optimization},
  author={Kingma, Diederik P and Ba, Jimmy},
  journal={arXiv preprint arXiv:1412.6980},
  year={2014}
}
@article{srivastava2014dropout,
  title={Dropout: a simple way to prevent neural networks from overfitting},
  author={Srivastava, Nitish and Hinton, Geoffrey and Krizhevsky, Alex and Sutskever, Ilya and Salakhutdinov, Ruslan},
  journal={The journal of machine learning research},
  volume={15},
  number={1},
  pages={1929--1958},
  year={2014},
  publisher={JMLR. org}
}
@inproceedings{fader2014open,
  title={Open question answering over curated and extracted knowledge bases},
  author={Fader, Anthony and Zettlemoyer, Luke and Etzioni, Oren},
  booktitle={Proceedings of the 20th ACM SIGKDD international conference on Knowledge discovery and data mining},
  pages={1156--1165},
  year={2014},
  organization={ACM}
}
@article{soderland2010adapting,
  title={Adapting open information extraction to domain-specific relations},
  author={Soderland, Stephen and Roof, Brendan and Qin, Bo and Xu, Shi and Etzioni, Oren and others},
  journal={AI magazine},
  volume={31},
  number={3},
  pages={93--102},
  year={2010}
}
@inproceedings{fader2011identifying,
  title={Identifying relations for open information extraction},
  author={Fader, Anthony and Soderland, Stephen and Etzioni, Oren},
  booktitle={Proceedings of the conference on empirical methods in natural language processing},
  pages={1535--1545},
  year={2011},
  organization={Association for Computational Linguistics}
}
@inproceedings{schmitz2012open,
  title={Open language learning for information extraction},
  author={Schmitz, Michael and Bart, Robert and Soderland, Stephen and Etzioni, Oren and others},
  booktitle={Proceedings of the 2012 Joint Conference on Empirical Methods in Natural Language Processing and Computational Natural Language Learning},
  pages={523--534},
  year={2012},
  organization={Association for Computational Linguistics}
}
@book{valencia1991studies,
  title={Studies on natural logic and categorial grammar},
  author={Valencia, V{\'\i}ctor Manuel S{\'a}nchez},
  year={1991},
  publisher={Universiteit van Amsterdam}
}
@inproceedings{surdeanu2013overview,
  title={Overview of the TAC2013 Knowledge Base Population Evaluation: English Slot Filling and Temporal Slot Filling.},
  author={Surdeanu, Mihai},
  booktitle={TAC},
  year={2013}
}
@inproceedings{ji2010overview,
  title={Overview of the TAC 2010 knowledge base population track},
  author={Ji, Heng and Grishman, Ralph and Dang, Hoa Trang and Griffitt, Kira and Ellis, Joe},
  booktitle={Third Text Analysis Conference (TAC 2010)},
  volume={3},
  number={2},
  pages={3--3},
  year={2010}
}
@inproceedings{surdeanu2013overview,
  title={Overview of the TAC2013 Knowledge Base Population Evaluation: English Slot Filling and Temporal Slot Filling.},
  author={Surdeanu, Mihai},
  booktitle={TAC},
  year={2013}
}
@inproceedings{angeli2014combining,
  title={Combining distant and partial supervision for relation extraction},
  author={Angeli, Gabor and Tibshirani, Julie and Wu, Jean and Manning, Christopher D},
  booktitle={Proceedings of the 2014 conference on empirical methods in natural language processing (EMNLP)},
  pages={1556--1567},
  year={2014}
}
@inproceedings{min2013distant,
  title={Distant supervision for relation extraction with an incomplete knowledge base},
  author={Min, Bonan and Grishman, Ralph and Wan, Li and Wang, Chang and Gondek, David},
  booktitle={Proceedings of the 2013 Conference of the North American Chapter of the Association for Computational Linguistics: Human Language Technologies},
  pages={777--782},
  year={2013}
}
@inproceedings{hearst1992automatic,
  title={Automatic acquisition of hyponyms from large text corpora},
  author={Hearst, Marti A},
  booktitle={Proceedings of the 14th conference on Computational linguistics-Volume 2},
  pages={539--545},
  year={1992},
  organization={Association for Computational Linguistics}
}
@inproceedings{brin1998extracting,
  title={Extracting patterns and relations from the world wide web},
  author={Brin, Sergey},
  booktitle={International Workshop on The World Wide Web and Databases},
  pages={172--183},
  year={1998},
  organization={Springer}
}


